@article{Boug10,
  title={Activity in the superior colliculus reflects dynamic interactions between voluntary and involuntary influences on orienting behaviour},
  author={Bell, Andrew H and Munoz, Douglas P},
  journal={Eur.~J.~Neurosci.},
  volume={28},
  number={8},
  pages={1654--1660},
  year={2008},
}

@article{li2013synergistic,
  title={Synergistic interactions between urban heat islands and heat waves: the impact in cities is larger than the sum of its parts},
  author={Li, Dan and Bou-Zeid, Elie},
  journal={Journal of Applied Meteorology and Climatology},
  volume={52},
  number={9},
  pages={2051--2064},
  year={2013}
}
@article{georgescu2014urban,
  title={Urban adaptation can roll back warming of emerging megapolitan regions},
  author={Georgescu, Matei and Morefield, Philip E and Bierwagen, Britta G and Weaver, Christopher P},
  journal={Proceedings of the National Academy of Sciences},
  volume={111},
  number={8},
  pages={2909--2914},
  year={2014},
  publisher={National Acad Sciences}
}
@article{salamanca2011study,
  title={A study of the urban boundary layer using different urban parameterizations and high-resolution urban canopy parameters with WRF},
  author={Salamanca, Francisco and Martilli, Alberto and Tewari, Mukul and Chen, Fei},
  journal={Journal of Applied Meteorology and Climatology},
  volume={50},
  number={5},
  pages={1107--1128},
  year={2011}
}
@article{miao2011impacts,
  title={Impacts of urban processes and urbanization on summer precipitation: A case study of heavy rainfall in Beijing on 1 August 2006},
  author={Miao, Shiguang and Chen, Fei and Li, Qingchun and Fan, Shuiyong},
  journal={Journal of Applied Meteorology and Climatology},
  volume={50},
  number={4},
  pages={806--825},
  year={2011}
}
@article{georgescu2013summer,
  title={Summer-time climate impacts of projected megapolitan expansion in Arizona},
  author={Georgescu, M and Moustaoui, M and Mahalov, A and Dudhia, J},
  journal={Nature Climate Change},
  volume={3},
  number={1},
  pages={37},
  year={2013},
  publisher={Nature Publishing Group}
}
@article{loridan2010trade,
  title={Trade-offs and responsiveness of the single-layer urban canopy parametrization in WRF: An offline evaluation using the MOSCEM optimization algorithm and field observations},
  author={Loridan, Thomas and Grimmond, CSB and Grossman-Clarke, Susanne and Chen, Fei and Tewari, Mukul and Manning, Kevin and Martilli, Alberto and Kusaka, Hiroyuki and Best, Martin},
  journal={Quarterly Journal of the Royal Meteorological Society},
  volume={136},
  number={649},
  pages={997--1019},
  year={2010},
  publisher={Wiley Online Library}
}
@article{kusaka2012urban,
  title={Urban climate projection by the WRF model at 3-km horizontal grid increment: dynamical downscaling and predicting heat stress in the 2070’s August for Tokyo, Osaka, and Nagoya metropolises},
  author={Kusaka, Hiroyuki and Hara, Masayuki and Takane, Yuya},
  journal={Journal of the Meteorological Society of Japan. Ser. II},
  volume={90},
  pages={47--63},
  year={2012},
  publisher={Meteorological Society of Japan}
}
@article{lee2011evaluation,
  title={Evaluation of urban surface parameterizations in the WRF model using measurements during the Texas Air Quality Study 2006 field campaign},
  author={Lee, S-H and Kim, S-W and Angevine, WM and Bianco, L and McKeen, SA and Senff, CJ and Trainer, M and Tucker, SC and Zamora, RJ},
  journal={Atmospheric Chemistry and Physics},
  volume={11},
  number={5},
  pages={2127--2143},
  year={2011},
  publisher={Copernicus GmbH}
}
@article{argueso2014temperature,
  title={Temperature response to future urbanization and climate change},
  author={Arg{\""u}eso, Daniel and Evans, Jason P and Fita, Llu{\'\i}s and Bormann, Kathryn J},
  journal={Climate dynamics},
  volume={42},
  number={7-8},
  pages={2183--2199},
  year={2014},
  publisher={Springer}
}
@article{chen2011numerical,
  title={A numerical study of interactions between surface forcing and sea breeze circulations and their effects on stagnation in the greater Houston area},
  author={Chen, Fei and Miao, Shiguang and Tewari, Mukul and Bao, Jian-Wen and Kusaka, Hiroyuki},
  journal={Journal of Geophysical Research: Atmospheres},
  volume={116},
  number={D12},
  year={2011},
  publisher={Wiley Online Library}
}
@article{brioude2013top,
  title={Top-down estimate of surface flux in the Los Angeles Basin using a mesoscale inverse modeling technique: assessing anthropogenic emissions of CO, NO x and CO 2 and their impacts},
  author={Brioude, Jerome and Angevine, Wayne M and Ahmadov, Ravan and Kim, S-W and Evan, Stephanie and McKeen, Stuart A and Hsie, E-Y and Frost, Gregory J and Neuman, J Andrew and Pollack, Ilana B and others},
  journal={Atmospheric Chemistry and Physics},
  volume={13},
  number={7},
  pages={3661--3677},
  year={2013},
  publisher={Copernicus GmbH}
}
@article{chen2014wrf,
  title={WRF simulations of urban heat island under hot-weather synoptic conditions: The case study of Hangzhou City, China},
  author={Chen, Feng and Yang, Xuchao and Zhu, Weiping},
  journal={Atmospheric research},
  volume={138},
  pages={364--377},
  year={2014},
  publisher={Elsevier}
}
@article{zhang2011impact,
  title={Impact of upstream urbanization on the urban heat island effects along the Washington--Baltimore corridor},
  author={Zhang, Da-Lin and Shou, Yi-Xuan and Dickerson, Russell R and Chen, Fei},
  journal={Journal of Applied Meteorology and Climatology},
  volume={50},
  number={10},
  pages={2012--2029},
  year={2011}
}
@article{oleson2012contrasts,
  title={Contrasts between urban and rural climate in CCSM4 CMIP5 climate change scenarios},
  author={Oleson, Keith},
  journal={Journal of Climate},
  volume={25},
  number={5},
  pages={1390--1412},
  year={2012}
}
@article{li2013multi,
  title={A multi-resolution ensemble study of a tropical urban environment and its interactions with the background regional atmosphere},
  author={Li, Xian-Xiang and Koh, Tieh-Yong and Entekhabi, Dara and Roth, Matthias and Panda, Jagabandhu and Norford, Leslie K},
  journal={Journal of Geophysical Research: Atmospheres},
  volume={118},
  number={17},
  pages={9804--9818},
  year={2013},
  publisher={Wiley Online Library}
}
@article{kusaka2012numerical,
title={Numerical simulation of Urban Heat Island effect by the WRF Model with 4-km grid increment: an inter-comparison study between the urban canopy model and slab model},
author={Kusaka, Hiroyuki and Chen, Fei and Tewari, Mukul and Dudhia, Jimy and Gill, David O and Duda, Michael G and Wang, Wei and Miya, Yukako},
journal={Journal of the Meteorological Society of Japan. Ser. II},
volume={90},
pages={33--45},
year={2012},
publisher={Meteorological Society of Japan}
}
@article{angevine2012meteorological,
  title={Meteorological model evaluation for CalNex 2010},
  author={Angevine, Wayne M and Eddington, Lee and Durkee, Kevin and Fairall, Chris and Bianco, Laura and Brioude, Jerome},
  journal={Monthly Weather Review},
  volume={140},
  number={12},
  pages={3885--3906},
  year={2012}
}
@article{cui2012seasonal,
  title={Seasonal variations of the urban heat island at the surface and the near-surface and reductions due to urban vegetation in Mexico City},
  author={Cui, Yu Yan and De Foy, Benjamin},
  journal={Journal of Applied Meteorology and Climatology},
  volume={51},
  number={5},
  pages={855--868},
  year={2012}
}
@article{hu2013impact,
  title={Impact of low-level jets on the nocturnal urban heat island intensity in Oklahoma City},
  author={Hu, Xiao-Ming and Klein, Petra M and Xue, Ming and Lundquist, Julie K and Zhang, Fuqing and Qi, Youcun},
  journal={Journal of Applied Meteorology and Climatology},
  volume={52},
  number={8},
  pages={1779--1802},
  year={2013}
}
@article{loridan2012multi,
  title={Multi-site evaluation of an urban land-surface model: intra-urban heterogeneity, seasonality and parameter complexity requirements},
  author={Loridan, Thomas and Grimmond, CSB},
  journal={Quarterly Journal of the Royal Meteorological Society},
  volume={138},
  number={665},
  pages={1094--1113},
  year={2012},
  publisher={Wiley Online Library}
}
@article{yang2015enhancing,
  title={Enhancing hydrologic modelling in the coupled weather research and forecasting--urban modelling system},
  author={Yang, Jiachuan and Wang, Zhi-Hua and Chen, Fei and Miao, Shiguang and Tewari, Mukul and Voogt, James A and Myint, Soe},
  journal={Boundary-Layer Meteorology},
  volume={155},
  number={1},
  pages={87--109},
  year={2015},
  publisher={Springer}
}
@article{theeuwes2014seasonal,
  title={Seasonal dependence of the urban heat island on the street canyon aspect ratio},
  author={Theeuwes, NE and Steeneveld, GJ and Ronda, RJ and Heusinkveld, BG and Van Hove, LWA and Holtslag, AAM},
  journal={Quarterly Journal of the Royal Meteorological Society},
  volume={140},
  number={684},
  pages={2197--2210},
  year={2014},
  publisher={Wiley Online Library}
}
@article{li2013development,
  title={Development and evaluation of a mosaic approach in the WRF-Noah framework},
  author={Li, Dan and Bou-Zeid, Elie and Barlage, Michael and Chen, Fei and Smith, James A},
  journal={Journal of Geophysical Research: Atmospheres},
  volume={118},
  number={21},
  year={2013},
  publisher={Wiley Online Library}
}
@article{theeuwes2013modeling,
  title={Modeling the influence of open water surfaces on the summertime temperature and thermal comfort in the city},
  author={Theeuwes, NE and Solcerov{\'a}, A and Steeneveld, GJ},
  journal={Journal of Geophysical Research: Atmospheres},
  volume={118},
  number={16},
  pages={8881--8896},
  year={2013},
  publisher={Wiley Online Library}
}
@article{papangelis2012urban,
  title={An urban “green planning” approach utilizing the Weather Research and Forecasting (WRF) modeling system. A case study of Athens, Greece},
  author={Papangelis, Giorgos and Tombrou, Maria and Dandou, Aggeliki and Kontos, Themis},
  journal={Landscape and urban planning},
  volume={105},
  number={1-2},
  pages={174--183},
  year={2012},
  publisher={Elsevier}
}
@article{kim2013evaluation,
  title={Evaluation of the Weather Research and Forecast/urban model over Greater Paris},
  author={Kim, Youngseob and Sartelet, Karine and Raut, Jean-Christophe and Chazette, Patrick},
  journal={Boundary-layer meteorology},
  volume={149},
  number={1},
  pages={105--132},
  year={2013},
  publisher={Springer}
}
@article{wang2013modeling,
  title={Modeling the climatic effects of urbanization in the Beijing--Tianjin--Hebei metropolitan area},
  author={Wang, Mingna and Zhang, Xuezhen and Yan, Xiaodong},
  journal={Theoretical and applied climatology},
  volume={113},
  number={3-4},
  pages={377--385},
  year={2013},
  publisher={Springer}
}
@article{wang2014numeric,
  title={A numeric study of regional climate change induced by urban expansion in the Pearl River delta, China},
  author={Wang, Xuemei and Liao, Jingbiao and Zhang, Jian and Shen, Chong and Chen, Weihua and Xia, Beicheng and Wang, Tijian},
  journal={Journal of Applied Meteorology and Climatology},
  volume={53},
  number={2},
  pages={346--362},
  year={2014}
}
@article{li2015contrasting,
  title={Contrasting responses of urban and rural surface energy budgets to heat waves explain synergies between urban heat islands and heat waves},
  author={Li, Dan and Sun, Ting and Liu, Maofeng and Yang, Long and Wang, Linlin and Gao, Zhiqiu},
  journal={Environmental Research Letters},
  volume={10},
  number={5},
  pages={054009},
  year={2015},
  publisher={IOP Publishing}
}
@article{wang2013contribution,
  title={The contribution of urbanization to recent extreme heat events and a potential mitigation strategy in the Beijing--Tianjin--Hebei metropolitan area},
  author={Wang, Mingna and Yan, Xiaodong and Liu, Jiyuan and Zhang, Xuezhen},
  journal={Theoretical and Applied Climatology},
  volume={114},
  number={3-4},
  pages={407--416},
  year={2013},
  publisher={Springer}
}
@article{wang2013contribution,
  title={The contribution of urbanization to recent extreme heat events and a potential mitigation strategy in the Beijing--Tianjin--Hebei metropolitan area},
  author={Wang, Mingna and Yan, Xiaodong and Liu, Jiyuan and Zhang, Xuezhen},
  journal={Theoretical and Applied Climatology},
  volume={114},
  number={3-4},
  pages={407--416},
  year={2013},
  publisher={Springer}
}
@article{grawe2013modelling,
  title={Modelling the impact of urbanisation on regional climate in the Greater London Area},
  author={Grawe, David and Thompson, Heather L and Salmond, Jennifer A and Cai, Xiao-Ming and Schl{\""u}nzen, K Heinke},
  journal={International Journal of Climatology},
  volume={33},
  number={10},
  pages={2388--2401},
  year={2013},
  publisher={Wiley Online Library}
}

@article{huang2018urban,
  title={Urban heat island research from 1991 to 2015: a bibliometric analysis},
  author={Huang, Qunfang and Lu, Yuqi},
  journal={Theoretical and Applied Climatology},
  volume={131},
  number={3-4},
  pages={1055--1067},
  year={2018},
  publisher={Springer}
}

@inproceedings{hewitt2014cool,
  title={Cool policies for cool cities: Best practices for mitigating urban heat islands in North American cities},
  author={Hewitt, Virginia and Mackres, Eric and Shickman, Kurt},
  year={2014},
  organization={American Council for an Energy-Efficient Economy}
}

@inproceedings{shickman2016current,
  title={The Current State of Urban Heat Island Mitigation Policy},
  author={Shickman, Kurt and Garg, Snigdha},
  year={2016},
  organization={American Council for an Energy-Efficient Economy}
}
